Automatically generated by Mendeley Desktop 1.17.13
Any changes to this file will be lost if it is regenerated by Mendeley.

BibTeX export options can be customized via Options -> BibTeX in Mendeley Desktop

@article{SuarezTangil2014,
author = {Suarez-Tangil, G. and Tapiador, J.E. and Peris-Lopez and Ribagorda, P.},
file = {:C$\backslash$:/Users/Christopher/OneDrive/MSc. InfoSec/Christopher Cutajar Dissertation Project/Papers/Evolution, Detection and Analysis of Malware for Smart Devices.pdf:pdf},
journal = {IEEE Commun. Surv. Tutor},
number = {2},
pages = {961--987},
title = {{Detection and Analysis of Malware for Smart Devices}},
volume = {16},
year = {2014}
}
@misc{GooglePlayP2017,
author = {Google},
booktitle = {Google},
title = {{Android â€“ Google Play Protect}},
url = {https://www.android.com/play-protect/},
urldate = {2017-11-15},
year = {2017}
}